% This file was created with JabRef 2.7b.
% Encoding: UTF-8

@INPROCEEDINGS{1,
  author = {Rita Cucchiar and Costantino Grana and Massimo Piccardi and Andrea
	Prati},
  title = {Detecting Moving Objects, Ghosts, and Shadows in Video Streams},
  booktitle = {IEEE Trans. PAMI},
  year = {2003},
  month = {Oct},
  volume = {25},
  number = {10},
  pages = {1337-1342},
  keywords = {Background modeling, color segmentation, reactivity to changes, shadow
	detection, video surveillance, object-level knowledge},
  owner = {pratyush},
  timestamp = {2012.09.18}
}

@INPROCEEDINGS{2,
  author = {Paul Viola and Michael J. Jones and Daniel Snow},
  title = {Detecting Pedestrians Using Patterns of Motion and Appearance},
  booktitle = {Intl. J. of Computer Vision},
  year = {2005},
  month = {November},
  volume = {63},
  number = {2},
  pages = {153-161},
  owner = {pratyush},
  timestamp = {2012.09.23}
}

@INPROCEEDINGS{3,
  author = {Jian Yao and Jean-Marc Odobez},
  title = {Multi-layer background subtraction based on color and texture},
  booktitle = {IEEE Computer Vision and Pattern Recognition},
  year = {2007},
  month = {June},
  pages = {1-8},
  owner = {pratyush},
  timestamp = {2012.09.17}
}


@inproceedings{4,
	title = {The Fastest Pedestrian Detector in the West},
	author = {Dollar, Piotr and Belongie, Serge and Perona,
		      Pietro},
	year = {2010},
	pages = {68.1--11},
	booktitle = {Proc. BMVC},
	isbn = {1-901725-40-5},
	note = {doi:10.5244/C.24.68}
}
@INPROCEEDINGS{5,
  author = {Olivier Barnich and Marc Van Droogenbroeck},
  title = {ViBe: A universal background subtraction algorithm for video sequences},
  booktitle = {IEEE Trans. on Image Proc.},
  year = {2011},
  month = {June},
  volume = {20},
  number = {6},
  pages = {1709-1724},
  keywords = {Background subtraction, surveillance, video signal
	
	processing, learning (artificial intelligence), image segmentation,
	
	vision and scene understanding, computer vision, image
	
	motion analysis, pixel classification, real-time systems},
  owner = {pratyush},
  timestamp = {2012.09.23}
}


@INPROCEEDINGS{7,
  author = {Tsung-Han Tsai and Chung-Yuan Lin},
  title = {Exploring Contextual Redundancy in Improving Object-Based Video Coding
	for Video Sensor Networks Surveillance},
  booktitle = {IEEE Trans. on Multimedia},
  year = {2012},
  volume = {14},
  number = {3},
  pages = {669 - 682},
  month = {June},
  keywords = {operational rate-distortion theory, contextual
	
	redundancy coding, object based video coding, intelligent video
	
	surveillance, visual sensor network},
  owner = {pratyush},
  timestamp = {2012.10.01}
}

@comment{jabref-meta: selector_publisher:}

@comment{jabref-meta: selector_author:}

@comment{jabref-meta: selector_journal:}

@comment{jabref-meta: selector_keywords:}

